<?xml version="1.0" encoding="UTF-8"?><collection xmlns="http://www.loc.gov/MARC21/slim"><record><leader>00443nam--2200145-i-4500</leader><controlfield tag="001">000044830</controlfield><controlfield tag="002">20161230</controlfield><controlfield tag="005">20161230201044</controlfield><controlfield tag="008">060222s1000------------r-----000-0-eng-d</controlfield><datafield ind1=" " ind2=" " tag="080"><subfield code="a">621.317.336:621.3.029</subfield></datafield><datafield ind1=" " ind2=" " tag="100"><subfield code="a">Tischer, F</subfield></datafield><datafield ind1=" " ind2=" " tag="245"><subfield code="a">Die genauigkeit der impedansmessung bei mikrovellen</subfield></datafield><datafield ind1=" " ind2=" " tag="260"><subfield code="a">Goteborg, Elanders Boktryckeri Aktiebolag, 1950, 31p</subfield></datafield><datafield ind1=" " ind2=" " tag="490"><subfield code="a">Transactions Of The Royal Inst.Oftechnology, Stockholm</subfield></datafield><datafield ind1=" " ind2=" " tag="852"><subfield code="a">3600</subfield></datafield></record></collection>